<?xml version="1.0" encoding="UTF-8"?>
<record xmlns="http://www.loc.gov/MARC21/slim" xmlns:xsi="http://www.w3.org/2001/XMLSchema-instance" xsi:schemaLocation="http://www.loc.gov/MARC21/slim http://www.loc.gov/standards/marcxml/schema/MARC21slim.xsd">
<leader>     nam a22002415  4500</leader>
<controlfield tag="001">001676621</controlfield>
<controlfield tag="003">NNU</controlfield>
<controlfield tag="005">20001218185703.0</controlfield>
<controlfield tag="008">900705s1899    le            000 0 ara d</controlfield>
<datafield tag="035" ind1="9" ind2=" ">
<subfield code="a">NYUb12219979</subfield>
</datafield>
<datafield tag="035" ind1=" " ind2=" ">
<subfield code="a">(MNU)notisAQB8503</subfield>
</datafield>
<datafield tag="035" ind1=" " ind2=" ">
<subfield code="a">(CStRLIN)MNUGAQB8503-B</subfield>
</datafield>
<datafield tag="040" ind1=" " ind2=" ">
<subfield code="a">MnU</subfield>
<subfield code="c">MnU</subfield>
</datafield>
<datafield tag="100" ind1="1" ind2=" ">
<subfield code="a">Farḥāt, Jirmānūs,</subfield>
<subfield code="d">1670 or 71-1732 or 3.</subfield>
</datafield>
<datafield tag="240" ind1="1" ind2="0">
<subfield code="a">Baḥth al-maṭālib fī ʻilm al-ʻArabīyah</subfield>
</datafield>
<datafield tag="245" ind1="1" ind2="0">
<subfield code="a">Kitāb baḥth al-maṭālib fī ʻilm al-ʻArabīyah /</subfield>
<subfield code="c">Jirmānūs Farḥat ; maʻa ḥawāshin ʻalayhi li-muṣaḥḥihi Saʻīd al-Khūrī al-Shartūnī al-Lubnānī.</subfield>
</datafield>
<datafield tag="260" ind1=" " ind2=" ">
<subfield code="c">1899.</subfield>
</datafield>
<datafield tag="300" ind1=" " ind2=" ">
<subfield code="a">363 p. ;</subfield>
<subfield code="c">21 cm.</subfield>
</datafield>
<datafield tag="700" ind1="1" ind2=" ">
<subfield code="a">Shartūnī, Saʻīd al-Khūrī,</subfield>
<subfield code="d">1849-1912.</subfield>
</datafield>
<datafield tag="OWN" ind1=" " ind2=" ">
<subfield code="a">GENERAL</subfield>
</datafield>
<datafield tag="950" ind1=" " ind2=" ">
<subfield code="l">BMAIN</subfield>
<subfield code="a">PJ6101</subfield>
<subfield code="b">.F33 1899</subfield>
</datafield>
<datafield tag="955" ind1=" " ind2=" ">
<subfield code="l">BMAIN</subfield>
<subfield code="c">1</subfield>
<subfield code="r">028242777</subfield>
</datafield>
<datafield tag="987" ind1=" " ind2=" ">
<subfield code="a">match points : missing?</subfield>
</datafield>
<datafield tag="987" ind1=" " ind2=" ">
<subfield code="a">tracings : missing?</subfield>
</datafield>
<datafield tag="998" ind1=" " ind2=" ">
<subfield code="s">9115</subfield>
</datafield>
<datafield tag="AVA" ind1=" " ind2=" ">
<subfield code="a">NYU50</subfield>
<subfield code="b">BOBST</subfield>
<subfield code="c">Main Collection</subfield>
<subfield code="d">PJ6101 .F33 1899</subfield>
<subfield code="e">unavailable</subfield>
<subfield code="t">Unavailable</subfield>
<subfield code="f">1</subfield>
<subfield code="g">1</subfield>
<subfield code="h">N</subfield>
<subfield code="i">1</subfield>
<subfield code="j">MAIN</subfield>
</datafield>
</record>
